<record><leader>00000cas a2200000 a 4500</leader><controlfield tag="001">56747938</controlfield><controlfield tag="008">041015d19131933oruwr ne      0   a0eng c</controlfield><datafield ind1=" " ind2=" " tag="010"><subfield code="a">  2004260419</subfield></datafield><datafield ind1=" " ind2=" " tag="040"><subfield code="a">ORU</subfield><subfield code="b">eng</subfield><subfield code="c">ORU</subfield><subfield code="d">ORU</subfield><subfield code="d">OCLCQ</subfield><subfield code="d">DLC</subfield><subfield code="d">ORU</subfield><subfield code="d">OCLCF</subfield></datafield><datafield ind1="0" ind2=" " tag="022"><subfield code="a">2330-7307</subfield><subfield code="2">1</subfield></datafield><datafield ind1="1" ind2=" " tag="029"><subfield code="a">AU@</subfield><subfield code="b">000026302912</subfield></datafield><datafield ind1=" " ind2=" " tag="042"><subfield code="a">pcc</subfield><subfield code="a">nsdp</subfield></datafield><datafield ind1=" " ind2=" " tag="043"><subfield code="a">n-us-or</subfield></datafield><datafield ind1="0" ind2="0" tag="050"><subfield code="a">Newspaper</subfield></datafield><datafield ind1="0" ind2="0" tag="082"><subfield code="a">071</subfield><subfield code="2">23</subfield></datafield><datafield ind1=" " ind2="0" tag="222"><subfield code="a">St. Helens mist</subfield><subfield code="b">(Print)</subfield></datafield><datafield ind1="0" ind2="0" tag="245"><subfield code="a">St. Helens mist.</subfield></datafield><datafield ind1="3" ind2=" " tag="246"><subfield code="a">Saint Helens mist</subfield></datafield><datafield ind1=" " ind2=" " tag="260"><subfield code="a">St. Helens, Or. :</subfield><subfield code="b">Mist Pub. Co.,</subfield><subfield code="c">1913-1933.</subfield></datafield><datafield ind1=" " ind2=" " tag="300"><subfield code="a">20 v. :</subfield><subfield code="b">ill.</subfield></datafield><datafield ind1=" " ind2=" " tag="310"><subfield code="a">Weekly</subfield></datafield><datafield ind1="0" ind2=" " tag="362"><subfield code="a">Vol. 32, no. 8 (Feb. 21, 1913)-v. 51, no. 16 (Mar. 31, 1933).</subfield></datafield><datafield ind1=" " ind2=" " tag="530"><subfield code="a">Also issued on microfilm from University of Oregon.</subfield></datafield><datafield ind1=" " ind2=" " tag="530"><subfield code="a">Archived issues are available in digital format as part of the Library of Congress Chronicling America online collection.</subfield></datafield><datafield ind1=" " ind2=" " tag="530"><subfield code="a">Archived issues are available in digital format as part of the Historic Oregon Newspaper online collection.</subfield></datafield><datafield ind1=" " ind2=" " tag="580"><subfield code="a">Merged with: The St. Helens sentinel, to form: The St. Helens sentinel-mist.</subfield></datafield><datafield ind1=" " ind2="0" tag="651"><subfield code="a">Saint Helens (Or.)</subfield><subfield code="v">Newspapers.</subfield></datafield><datafield ind1=" " ind2="7" tag="655"><subfield code="a">Newspapers.</subfield><subfield code="2">fast</subfield><subfield code="0">(OCoLC)fst01423814</subfield></datafield><datafield ind1=" " ind2="7" tag="651"><subfield code="a">Oregon</subfield><subfield code="z">Saint Helens.</subfield><subfield code="2">fast</subfield><subfield code="0">(OCoLC)fst01221362</subfield></datafield><datafield ind1=" " ind2=" " tag="752"><subfield code="a">United States</subfield><subfield code="b">Oregon</subfield><subfield code="c">Columbia</subfield><subfield code="d">Saint Helens.</subfield></datafield><datafield ind1="0" ind2="8" tag="776"><subfield code="i">Online version:</subfield><subfield code="t">St. Helens mist (Online)</subfield><subfield code="x">2330-7315</subfield><subfield code="w">(DLC)  2013218945</subfield><subfield code="w">(OCoLC)857140654</subfield></datafield><datafield ind1="0" ind2="0" tag="780"><subfield code="t">Oregon mist</subfield><subfield code="w">(DLC)  2004260421</subfield><subfield code="w">(OCoLC)56747890</subfield></datafield><datafield ind1="0" ind2="5" tag="780"><subfield code="t">Scappoose register</subfield><subfield code="g">Nov. 1929</subfield><subfield code="w">(DLC)sn 00063595</subfield><subfield code="w">(OCoLC)44935605</subfield></datafield><datafield ind1="1" ind2="7" tag="785"><subfield code="t">St. Helens sentinel</subfield><subfield code="w">(DLC)  2004260420</subfield><subfield code="w">(OCoLC)56747984</subfield></datafield><datafield ind1="1" ind2="7" tag="785"><subfield code="t">St. Helens sentinel-mist</subfield><subfield code="w">(DLC)  2004260418</subfield><subfield code="w">(OCoLC)56748205</subfield></datafield><datafield ind1="4" ind2="1" tag="856"><subfield code="u">http://chroniclingamerica.loc.gov/lccn/2004260419/issues</subfield></datafield><datafield ind1="4" ind2="1" tag="856"><subfield code="u">http://oregonnews.uoregon.edu/lccn/2004260419/</subfield></datafield></record>